@article{auld2009,
    title = {Framework for modeling activity planning as a sequence of planned activities},
    author = {Auld, J. and Mohammadian, A.},
    journal = {Transportation Research Part B: Methodological},
    volume = {43},
    number = {6},
    pages = {924--937},
    year = {2009},
    publisher = {Elsevier},
    doi = {10.1016/j.trb.2009.01.001}
}

@article{gutierrez2023ckdtree,
    title = {cKd-tree: A Compact Kd-tree},
    author = {Guti{\'e}rrez, Gilberto and Torres-Avil{\'e}s, Rodrigo and Caniup{\'a}n, M{\'o}nica},
    journal = {IEEE Access},
    volume = {12},
    pages = {22641--22655},
    year = {2023},
    publisher = {IEEE},
    doi = {10.1109/ACCESS.2024.3365054}
}

@article{goedertier2009robust,
    title = {Robust Process Discovery with Artificial Negative Events},
    author = {Goedertier, Stijn and Martens, David and Vanthienen, Jan and Baesens, Bart},
    journal = {Journal of Machine Learning Research},
    volume = {10},
    pages = {1305--1340},
    year = {2009},
    publisher = {JMLR.org},
    issn = {1532-4435}
}

@incollection{barcelo2005,
    title = {Dynamic network simulation with {AIMSUN}},
    author = {Barcel{\'o}, J. and Casas, J.},
    booktitle = {Simulation Approaches in Transportation Analysis: Recent Advances and Challenges},
    editor = {Kitamura, R. and Kuwahara, M.},
    pages = {57--98},
    year = {2005},
    publisher = {Springer},
    address = {Boston, MA},
    doi = {10.1007/0-387-24109-4_3}
}

@techreport{conaset2023,
    title = {Informe de accidentes de tr{\'a}nsito},
    author = {{CONASET}},
    year = {2023},
    institution = {Comisi{\'o}n Nacional de Seguridad de Tr{\'a}nsito},
    address = {Antofagasta, Chile},
    url = {https://www.conaset.cl}
}

@article{vanlint2005,
    title = {Accurate freeway travel time prediction with state-space neural networks under missing data},
    author = {Van Lint, J. W. C. and Hoogendoorn, S. P. and Van Zuylen, H. J.},
    journal = {Transportation Research Part C: Emerging Technologies},
    volume = {13},
    number = {5-6},
    pages = {347--369},
    year = {2005},
    publisher = {Elsevier},
    doi = {10.1016/j.trc.2005.03.001}
}

@article{chen2015,
    title = {Data-driven approaches to traffic prediction and management},
    author = {Chen, C. and Zhang, J. and Antoniou, C.},
    journal = {Transportation Research Procedia},
    volume = {10},
    pages = {12--24},
    year = {2015},
    publisher = {Elsevier},
    doi = {10.1016/j.trpro.2015.09.050}
}

@article{goodall2019,
    title = {Comparison of {Waze} crash and disabled vehicle records with video evidence},
    author = {Goodall, N. and Lee, E.},
    journal = {Transportation Research Interdisciplinary Perspectives},
    volume = {1},
    pages = {100019},
    year = {2019},
    publisher = {Elsevier},
    doi = {10.1016/j.trip.2019.100019}
}

@article{berhanu2024,
    title = {Machine learning for predictions of road traffic accidents and spatial network analysis for safe routing on accident and congestion-prone road networks},
    author = {Berhanu, Y. and Schr{\"o}der, D. and Wodajo, B. Teklu and Alemayehu, E.},
    journal = {Results in Engineering},
    volume = {24},
    pages = {102737},
    year = {2024},
    publisher = {Elsevier},
    doi = {10.1016/j.rineng.2024.102737}
}

@manual{waze2024,
    title = {Waze {API} Documentation},
    author = {{Waze}},
    organization = {Google LLC},
    year = {2024},
    url = {https://support.google.com/waze/partners/answer/13458165}
}

@misc{wazecities2024,
    title = {Waze for Cities Official Page},
    author = {{Waze}},
    organization = {Google LLC},
    year = {2024},
    url = {https://www.waze.com/wazeforcities}
}

@misc{wazecitiescasestudies2024,
    title = {Waze for Cities Case Studies},
    author = {{Waze}},
    organization = {Google LLC},
    year = {2024},
    url = {https://www.waze.com/wazeforcities/casestudies}
}

@manual{rust2025,
    title = {The {Rust} Programming Language},
    author = {{Rust Team}},
    organization = {Rust Foundation},
    year = {2024},
    url = {https://www.rust-lang.org}
}

@manual{reqwest2025,
    title = {Reqwest Documentation},
    author = {McArthur, Sean},
    organization = {crates.io},
    year = {2024},
    url = {https://docs.rs/reqwest/latest/reqwest}
}

@techreport{niosh2024,
    author = {{NIOSH}},
    title = {Hierarchy of Controls},
    year = {2024},
    institution = {National Institute for Occupational Safety and Health},
    address = {Atlanta, GA},
    url = {https://www.cdc.gov/niosh/topics/hierarchy/default.html},
    note = {Accedido el 9 de julio de 2025}
}

@book{manning2008,
    title = {Introduction to Information Retrieval},
    author = {Manning, Christopher D. and Raghavan, Prabhakar and Sch{\"u}tze, Hinrich},
    year = {2008},
    publisher = {Cambridge University Press},
    address = {Cambridge, UK},
    isbn = {978-0521865715}
}

@manual{epsg4326,
    author = {{IOGP}},
    title = {{EPSG:4326 -- WGS 84}},
    year = {2024},
    organization = {International Association of Oil \& Gas Producers},
    url = {https://epsg.io/4326}
}

@manual{gdal_proj,
    author = {{OSGeo}},
    title = {{PROJ} Coordinate Transformation Software Library},
    year = {2023},
    organization = {Open Source Geospatial Foundation},
    url = {https://proj.org}
}

@software{pyproj,
    author = {Snow, A. and others},
    title = {pyproj: {Python} interface to {PROJ} (v3.6.1)},
    year = {2024},
    url = {https://pyproj4.github.io/pyproj},
    version = {3.6.1}
}

@software{geopandas,
    author = {{GeoPandas Development Team}},
    title = {{GeoPandas} Documentation (v0.14.3)},
    year = {2024},
    url = {https://geopandas.org},
    version = {0.14.3}
}

@manual{epsg3857,
    author = {{IOGP}},
    title = {{EPSG:3857 -- WGS 84 / Pseudo-Mercator}},
    year = {2024},
    organization = {International Association of Oil \& Gas Producers},
    url = {https://epsg.io/3857}
}

@manual{epsg32719,
    author = {{IOGP}},
    title = {{EPSG:32719 -- WGS 84 / UTM zone 19S}},
    year = {2024},
    organization = {International Association of Oil \& Gas Producers},
    url = {https://epsg.io/32719}
}

@book{snyder1987,
    author = {Snyder, John P.},
    title = {Map Projections: A Working Manual},
    year = {1987},
    publisher = {U.S. Geological Survey},
    address = {Washington, D.C.},
    series = {Professional Paper 1395},
    url = {https://pubs.er.usgs.gov/publication/pp1395}
}

@techreport{wgs84_nima,
    author = {{NIMA}},
    title = {Department of Defense World Geodetic System 1984: Its Definition and Relationships with Local Geodetic Systems},
    year = {2000},
    number = {TR8350.2},
    institution = {National Imagery and Mapping Agency},
    address = {Bethesda, MD},
    url = {https://earth-info.nga.mil/php/download.php?file=coord-wgs84}
}

@software{mlflow2025,
    author = {{MLflow Development Team}},
    title = {{MLflow}: A Machine Learning Lifecycle Platform},
    year = {2025},
    url = {https://mlflow.org/docs/latest},
    version = {2.10.0}
}

@software{apscheduler2025,
    author = {Gr{\"o}nholm, Alex},
    title = {{APScheduler}: Advanced {Python} Scheduler},
    year = {2025},
    url = {https://pypi.org/project/APScheduler},
    version = {3.10.4}
}

@manual{postgres2025,
    author = {{PostgreSQL Global Development Group}},
    title = {{PostgreSQL} Documentation},
    year = {2025},
    url = {https://www.postgresql.org},
    version = {16.1}
}

@manual{memcached2025,
    author = {{Memcached Development Team}},
    title = {Memcached Documentation},
    year = {2025},
    url = {https://memcached.org},
    version = {1.6.22}
}

@software{dash2025,
    author = {{Plotly Technologies Inc.}},
    title = {Dash: {Python} Web Framework for Building Analytical Web Applications},
    year = {2025},
    url = {https://plotly.com/dash},
    version = {2.14.2}
}

@inproceedings{chen2016xgboost,
    author = {Chen, Tianqi and Guestrin, Carlos},
    title = {{XGBoost}: A Scalable Tree Boosting System},
    booktitle = {Proceedings of the 22nd ACM SIGKDD International Conference on Knowledge Discovery and Data Mining},
    year = {2016},
    pages = {785--794},
    publisher = {ACM},
    address = {New York, NY},
    doi = {10.1145/2939672.2939785}
}

@book{geron2019hands,
    author = {G{\'e}ron, Aur{\'e}lien},
    title = {Hands-On Machine Learning with Scikit-Learn, Keras, and {TensorFlow}: Concepts, Tools, and Techniques to Build Intelligent Systems},
    publisher = {O'Reilly Media},
    edition = {2},
    year = {2019},
    address = {Sebastopol, CA},
    isbn = {978-1492032649}
}

@article{pedregosa2011scikit,
    author = {Pedregosa, Fabian and Varoquaux, Ga{\"e}l and Gramfort, Alexandre and Michel, Vincent and Thirion, Bertrand and Grisel, Olivier and Blondel, Mathieu and Prettenhofer, Peter and Weiss, Ron and Dubourg, Vincent and Vanderplas, Jake and Passos, Alexandre and Cournapeau, David and Brucher, Matthieu and Perrot, Matthieu and Duchesnay, {\'E}douard},
    title = {Scikit-learn: Machine Learning in {Python}},
    journal = {Journal of Machine Learning Research},
    volume = {12},
    pages = {2825--2830},
    year = {2011},
    publisher = {JMLR.org},
    url = {https://www.jmlr.org/papers/volume12/pedregosa11a/pedregosa11a.pdf}
}

@book{james2021introduction,
    author = {James, Gareth and Witten, Daniela and Hastie, Trevor and Tibshirani, Robert},
    title = {An Introduction to Statistical Learning: with Applications in {R}},
    edition = {2},
    publisher = {Springer},
    year = {2021},
    address = {New York, NY},
    isbn = {978-1-0716-1418-1},
    doi = {10.1007/978-1-0716-1418-1}
}

@book{kuhn2013applied,
    author = {Kuhn, Max and Johnson, Kjell},
    title = {Applied Predictive Modeling},
    publisher = {Springer},
    year = {2013},
    address = {New York, NY},
    isbn = {978-1-4614-6848-6},
    doi = {10.1007/978-1-4614-6849-3}
}

@inproceedings{lundberg2017shap,
    author = {Lundberg, Scott M. and Lee, Su-In},
    title = {A Unified Approach to Interpreting Model Predictions},
    booktitle = {Advances in Neural Information Processing Systems 30},
    editor = {Guyon, I. and Luxburg, U. V. and Bengio, S. and Wallach, H. and Fergus, R. and Vishwanathan, S. and Garnett, R.},
    pages = {4765--4774},
    year = {2017},
    publisher = {Curran Associates, Inc.},
    url = {https://proceedings.neurips.cc/paper/2017/file/8a20a8621978632d76c43dfd28b67767-Paper.pdf}
}

@article{fitzpatrick2004memcached,
    author = {Fitzpatrick, Brad},
    title = {Distributed Caching with Memcached},
    journal = {Linux Journal},
    volume = {2004},
    number = {124},
    pages = {5},
    year = {2004},
    publisher = {Belltown Media},
    issn = {1075-3583},
    url = {https://www.linuxjournal.com/article/7451}
}

@book{ramalho2015fluent,
    author = {Ramalho, Luciano},
    title = {Fluent {Python}: Clear, Concise, and Effective Programming},
    publisher = {O'Reilly Media},
    year = {2015},
    address = {Sebastopol, CA},
    isbn = {978-1-4919-4602-7}
}

@techreport{ine2023,
    author = {{INE}},
    title = {Estad{\'i}sticas parque automotriz},
    year = {2023},
    institution = {Instituto Nacional de Estad{\'i}sticas},
    address = {Santiago, Chile},
    url = {https://regiones.ine.gob.cl/antofagasta/estadisticas-regionales/economia/transporte-y-comunicaciones/parque-de-vehiculos}
}

@inproceedings{ferreira2017waze,
    author = {Ferreira, Nathan and Fink, Camille and Wilson, Alexander},
    title = {Traffic Observations from {Waze}: Crowdsourced Traffic Data as an Alternative Data Source for Transportation Agencies},
    booktitle = {Transportation Research Board 96th Annual Meeting Compendium of Papers},
    year = {2017},
    number = {17-02468},
    publisher = {Transportation Research Board},
    address = {Washington, D.C.},
    url = {https://trid.trb.org/view/1439020}
}

@book{murphy2012machine,
    author = {Murphy, Kevin P.},
    title = {Machine Learning: A Probabilistic Perspective},
    publisher = {MIT Press},
    year = {2012},
    address = {Cambridge, MA},
    isbn = {978-0262018029}
}

@book{bishop2006pattern,
    author = {Bishop, Christopher M.},
    title = {Pattern Recognition and Machine Learning},
    publisher = {Springer},
    year = {2006},
    address = {New York, NY},
    isbn = {978-0-387-31073-2}
}

@article{gama2014concept,
    author = {Gama, Jo{\~a}o and {\v{Z}}liobait{\.e}, Indr{\.e} and Bifet, Albert and Pechenizkiy, Mykola and Bouchachia, Abdelhamid},
    title = {A Survey on Concept Drift Adaptation},
    journal = {ACM Computing Surveys},
    volume = {46},
    number = {4},
    pages = {44:1--44:37},
    year = {2014},
    publisher = {ACM},
    doi = {10.1145/2523813}
}

@book{friedman2001elements,
    title = {The Elements of Statistical Learning: Data Mining, Inference, and Prediction},
    author = {Friedman, Jerome and Hastie, Trevor and Tibshirani, Robert},
    year = {2001},
    publisher = {Springer},
    address = {New York, NY},
    isbn = {978-0387952840}
}

@article{breiman2001random,
    title = {Random Forests},
    author = {Breiman, Leo},
    journal = {Machine Learning},
    volume = {45},
    number = {1},
    pages = {5--32},
    year = {2001},
    publisher = {Springer},
    doi = {10.1023/A:1010933404324}
}

@book{montgomery2018,
    title = {Applied Statistics and Probability for Engineers},
    author = {Montgomery, Douglas C. and Runger, George C.},
    year = {2018},
    edition = {7},
    publisher = {John Wiley \& Sons},
    address = {Hoboken, NJ},
    isbn = {978-1119400363}
}

@book{devore2011,
    title = {Probabilidad y estad{\'i}stica para ingenier{\'i}a y ciencias},
    author = {Devore, Jay L.},
    year = {2011},
    edition = {8},
    publisher = {Cengage Learning},
    address = {M{\'e}xico, D.F.},
    isbn = {978-6074816198}
}

@book{raschka2018,
    title = {Python Machine Learning},
    author = {Raschka, Sebastian and Mirjalili, Vahid},
    year = {2018},
    edition = {2},
    publisher = {Packt Publishing},
    address = {Birmingham, UK},
    isbn = {978-1787125933}
}

@article{he2009learning,
    title = {Learning from Imbalanced Data},
    author = {He, Haibo and Garcia, Edwardo A.},
    journal = {IEEE Transactions on Knowledge and Data Engineering},
    volume = {21},
    number = {9},
    pages = {1263--1284},
    year = {2009},
    publisher = {IEEE},
    doi = {10.1109/TKDE.2008.239}
}
